@article{knuth84,
  author = {Knuth, Donald E.},
  title = {Literate Programming},
  year = {1984},
  issue_date = {May 1984},
  publisher = {Oxford University Press, Inc.},
  address = {USA},
  volume = {27},
  number = {2},
  issn = {0010-4620},
  url = {https://doi.org/10.1093/comjnl/27.2.97},
  doi = {10.1093/comjnl/27.2.97},
  journal = {Comput. J.},
  month = may,
  pages = {97â€“111},
  numpages = {15}
}

 @misc{r-cran,     
     url={https://cran.r-project.org/},
     journal={The Comprehensive R Archive Network}
} 

 @misc{quarto,     
     url={https://cran.r-project.org/},
     journal={The Comprehensive R Archive Network}
} 

 @misc{jupyter-lab,     
     url={https://cran.r-project.org/},
     journal={The Comprehensive R Archive Network}
} 

 @misc{git,     
     url={https://cran.r-project.org/},
     journal={The Comprehensive R Archive Network}
} 

 @misc{github,     
     url={https://cran.r-project.org/},
     journal={The Comprehensive R Archive Network}
} 